<collection xmlns="http://www.loc.gov/MARC21/slim"><record><leader>00961nam  2200241   450</leader><controlfield tag="001">857</controlfield><controlfield tag="003">http://montalegre.opacnet.com/OPAC/default.aspx?ContentAreaControl=ShowRegHoldings.ascx&amp;RegNo=16662</controlfield><controlfield tag="005">20</controlfield><datafield tag="100" ind1=" " ind2=" "><subfield code="a">19851101d1985    k  y0pora0103    ba</subfield></datafield><datafield tag="101" ind1="1" ind2=" "><subfield code="a">por</subfield><subfield code="c">eng</subfield></datafield><datafield tag="102" ind1=" " ind2=" "><subfield code="a">PT</subfield></datafield><datafield tag="200" ind1="1" ind2=" "><subfield code="a">&lt;O &gt;mundo fantástico de Oz</subfield><subfield code="f">novelização de John D. Vinge</subfield><subfield code="g">baseado no argumento escrito por Walter Murch e Gill Dennis</subfield><subfield code="g">trad. Joõo Pereira Carvalho</subfield></datafield><datafield tag="210" ind1=" " ind2=" "><subfield code="a">Mem Martins</subfield><subfield code="c">Europa-América</subfield><subfield code="d">[D.L. 1985]</subfield></datafield><datafield tag="215" ind1=" " ind2=" "><subfield code="a">127 p.</subfield><subfield code="c">il.</subfield><subfield code="d">18 cm</subfield></datafield><datafield tag="225" ind1="2" ind2=" "><subfield code="a">Livros de bolso</subfield><subfield code="i">Série clássicos Walt Disney</subfield><subfield code="v">17</subfield></datafield><datafield tag="304" ind1=" " ind2=" "><subfield code="a">Tít. orig. Return to Oz</subfield></datafield><datafield tag="675" ind1=" " ind2=" "><subfield code="a">087.5</subfield><subfield code="v">BN</subfield><subfield code="z">por</subfield><subfield code="v">med</subfield><subfield code="z">por</subfield><subfield code="3">287999</subfield></datafield><datafield tag="700" ind1=" " ind2="1"><subfield code="a">Vinge</subfield><subfield code="b">Joan D.</subfield><subfield code="f">1948</subfield><subfield code="3">194772</subfield></datafield><datafield tag="702" ind1=" " ind2="1"><subfield code="a">Murch</subfield><subfield code="b">Walter</subfield><subfield code="4">090</subfield><subfield code="3">194773</subfield></datafield><datafield tag="702" ind1=" " ind2="1"><subfield code="a">Dennis</subfield><subfield code="b">Gill</subfield><subfield code="4">090</subfield><subfield code="3">194774</subfield></datafield><datafield tag="702" ind1=" " ind2="1"><subfield code="a">Carvalho</subfield><subfield code="b">João Pereira de</subfield><subfield code="4">730</subfield><subfield code="3">37484</subfield></datafield><datafield tag="801" ind1=" " ind2="0"><subfield code="a">PT</subfield><subfield code="b">Biblioteca Municipal de Montalegre</subfield><subfield code="g">RPC</subfield></datafield><datafield tag="856" ind1=" " ind2=" "><subfield code="u">locateMedia.asp?cod=20060627104817&amp;ext=jpg</subfield><subfield code="z">CAPA</subfield></datafield><datafield tag="909" ind1="&#9;" ind2=" "><subfield code="a">1</subfield></datafield><datafield tag="966" ind1=" " ind2=" "><subfield code="a">0003385</subfield><subfield code="l">BMM</subfield><subfield code="s">SJ 087.5 VIN mun 17</subfield></datafield></record></collection>